@misc{arg,
    title = {Argentina Virtual Observatory},
    howpublished = {\url{http://nova.conicet.gov.ar/}},
    @year = {2009},
    note = {Online; accessed 05-30-2013},
    }
@misc{arm,
    title = {Armenian Virtual Observatory},
    howpublished = {\url{http://www.aras.am/Arvo/arvo.htm}},
    @year = {2005},
    note = {Online; accessed 05-30-2013},
    }
@misc{astrogrid,
    title = {AstroGrid},
    howpublished = {\url{http://www.astrogrid.org/}},
    @year = {2001},
    note = {Online; accessed 05-30-2013},
    }
@misc{aus,
    title = {Australian Virtual Observatory},
    howpublished = {\url{http://aus-vo.org.au/}},
    @year = {2002},
    note = {Online; accessed 05-30-2013},
    }
@misc{bra,
    title = {Brazilian Virtual Observator},
    howpublished = {\url{http://www.lna.br/bravo/}},
    @year = {2006},
    note = {Online; accessed 05-30-2013},
    }
@misc{can,
    title = {Canadian Virtual Observatory},
    howpublished = {\url{http://www.cadc-ccda.hia-iha.nrc-cnrc.gc.ca/cvo/}},
    @year = {XXX},
    note = {Online; accessed 05-30-2013},
    }
@misc{china,
    title = {Chinese Virtual Observatory},
    howpublished = {\url{http://www.china-vo.org/}},
    @year = {XXX},
    note = {Online; accessed 05-30-2013},
    }
@misc{esa,
    title = {European Space Agency},
    howpublished = {\url{http://www.sciops.esa.int/index.php?project=ESAVO}},
    @year = {XXX},
    note = {Online; accessed 05-30-2013},
    }
@misc{euro,
    title = {European Virtual Observatory},
    howpublished = {\url{http://www.euro-vo.org/}},
    @year = {XXX},
    note = {Online; accessed 05-30-2013},
    }
@misc{ger,
    title = {German Astrophysical Virtual Observatory},
    howpublished = {\url{http://www.g-vo.org/}},
    @year = {XXX},
    note = {Online; accessed 05-30-2013},
    }
@misc{hun,
    title = {Hungarian Virtual Observatory},
    howpublished = {\url{http://hvo.elte.hu/en/}},
    @year = {XXX},
    note = {Online; accessed 05-30-2013},
    }
@misc{ita,
    title = {Italian Virtual Observatory},
    howpublished = {\url{http://vobs.astro.it/}},
    @year = {XXX},
    note = {Online; accessed 05-30-2013},
    }
@misc{jap,
    title = {Japanese Virtual Observatory},
    howpublished = {\url{http://jvo.nao.ac.jp/}},
    @year = {XXX},
    note = {Online; accessed 05-30-2013},
    }
@misc{fra,
    title = {Observatorie Virtual France},
    howpublished = {\url{http://www.france-vo.org/}},
    @year = {XXX},
    note = {Online; accessed 05-30-2013},
    }
@misc{rus,
    title = { Russian Virtual Observatory},
    howpublished = {\url{http://www.inasan.rssi.ru/eng/rvo/}},
    @year = {XXX},
    note = {Online; accessed 05-30-2013},
    }
@misc{spa,
    title = {Spanish Virtual Observatory},
    howpublished = {\url{http://svo.cab.inta-csic.es/}},
    @year = {XXX},
    note = {Online; accessed 05-30-2013},
    }
@misc{ukr,
    title = {Ukranian Virtual Observatory},
    howpublished = {\url{http://www.ukr-vo.org/}},
    @year = {XXX},
    note = {Online; accessed 05-30-2013},
    }
@misc{usa,
    title = { Virtual Astronomical Observatory},
    howpublished = {\url{http://www.usvao.org/}},
    @year = {XXX},
    note = {Online; accessed 05-30-2013},
    }
@misc{ind,
    title = { Virtual Observatory India},
    howpublished = {\url{http://vo.iucaa.ernet.in/~voi/}},
    @year = {XXX},
    note = {Online; accessed 05-30-2013},
    }

@article{ivoa_arch,
  title={IVOA Architecture},
  author={Arviset, Christophe and Gaudet, Severin and others},
  journal={arXiv preprint arXiv:1106.0291},
  year={2011}
}

@article{ivoa_documents,
  title={IVOA Document Standards Version 1.2},
  author={Hanisch, RJ and Arviset, C and Genova, F and Rino, B},
  journal={IVOA Recommendation},
  volume={20100413},
  year={2010}
}

@article{vo_data_mining,
  title={Data mining and machine learning in astronomy},
  author={Ball, Nicholas M and Brunner, Robert J},
  journal={International Journal of Modern Physics D},
  volume={19},
  number={07},
  pages={1049--1106},
  year={2010},
  publisher={World Scientific}
}

@article{fits_definition,
  title={Definition of the flexible image transport system (FITS)},
  author={Hanisch, Robert J and Farris, Allen and Greisen, Eric W and Pence, William D and Schlesinger, Barry M and Teuben, Peter J and Thompson, Randall W and Warnock III, Archibald},
  journal={Astronomy and Astrophysics},
  volume={376},
  number={1},
  pages={359--380},
  year={2001}
}

@article{archive_tsunami,
  title={How will astronomy archives survive the data tsunami?},
  author={Berriman, G Bruce and Groom, Steven L},
  journal={Communications of the ACM},
  volume={54},
  number={12},
  pages={52--56},
  year={2011},
  publisher={ACM}
}

@inproceedings{data_hpc,
  title={Parallel and distributed astronomical data analysis on Grid datafarm},
  author={Yamamoto, Naotaka and Tatebe, Osamu and Sekiguchi, Satoshi},
  booktitle={Grid Computing, 2004. Proceedings. Fifth IEEE/ACM International Workshop on},
  pages={461--466},
  year={2004},
  organization={IEEE}
}

@misc{observatorios_chile,
    title = {Observatorios en Chile},
    howpublished = {\url{http://www.seti.cl/listado-de-observatorios-astronomicos-en-chile/}},
    @year = {XXX},
    note = {Online; accessed 05-30-2013},
    }
